<record><leader>00000cas a2200000 a 4500</leader><controlfield tag="001">27254668</controlfield><controlfield tag="008">930114d19461950cauwr ne      0    0eng c</controlfield><datafield ind1=" " ind2=" " tag="010"><subfield code="a">sn 92069550 </subfield></datafield><datafield ind1=" " ind2=" " tag="040"><subfield code="a">CUY</subfield><subfield code="b">eng</subfield><subfield code="c">CNK</subfield><subfield code="d">OCLCQ</subfield><subfield code="d">CNK</subfield><subfield code="d">OCLCQ</subfield><subfield code="d">OCLCF</subfield><subfield code="d">OCLCO</subfield></datafield><datafield ind1="1" ind2=" " tag="029"><subfield code="a">AU@</subfield><subfield code="b">000020736449</subfield></datafield><datafield ind1=" " ind2=" " tag="042"><subfield code="a">pcc</subfield></datafield><datafield ind1=" " ind2=" " tag="043"><subfield code="a">n-us-ca</subfield></datafield><datafield ind1="0" ind2=" " tag="130"><subfield code="a">Nevada City-Grass Valley nugget (Nevada City, Calif. : 1946)</subfield></datafield><datafield ind1="1" ind2="0" tag="245"><subfield code="a">Nevada City-Grass Valley nugget.</subfield></datafield><datafield ind1="1" ind2="7" tag="246"><subfield code="a">Nevada City nugget</subfield></datafield><datafield ind1=" " ind2=" " tag="260"><subfield code="a">Nevada City, Calif. :</subfield><subfield code="b">H.M. Leete, Jr.</subfield></datafield><datafield ind1=" " ind2=" " tag="300"><subfield code="a">v.</subfield></datafield><datafield ind1=" " ind2=" " tag="310"><subfield code="a">Weekly,</subfield><subfield code="b">Sept. 9, 1949-Jan. 27, 1950</subfield></datafield><datafield ind1=" " ind2=" " tag="321"><subfield code="a">Semiweekly,</subfield><subfield code="b">Oct. 17, 1946-Dec. 2, 1947</subfield></datafield><datafield ind1=" " ind2=" " tag="321"><subfield code="a">Weekly,</subfield><subfield code="b">Dec. 9, 1947-Apr. 28, 1949</subfield></datafield><datafield ind1=" " ind2=" " tag="321"><subfield code="a">Semiweekly,</subfield><subfield code="b">May 3-Sept. 2, 1949</subfield></datafield><datafield ind1="0" ind2=" " tag="362"><subfield code="a">Vol. 20, no. 82 (Oct. 17, 1946)-v. 23, no. 4 (Jan. 27, 1950).</subfield></datafield><datafield ind1=" " ind2=" " tag="530"><subfield code="a">Master negatives are available for duplication from:</subfield><subfield code="b">California Newspaper Microfilm Archive;</subfield><subfield code="c">positive copies may be purchased by the reel; for further information consult the CNMA at:</subfield><subfield code="u">http://cbsr.ucr.edu</subfield></datafield><datafield ind1=" " ind2="0" tag="651"><subfield code="a">Nevada County (Calif.)</subfield><subfield code="v">Newspapers.</subfield></datafield><datafield ind1=" " ind2="7" tag="655"><subfield code="a">Newspapers.</subfield><subfield code="2">fast</subfield><subfield code="0">(OCoLC)fst01423814</subfield></datafield><datafield ind1=" " ind2="7" tag="651"><subfield code="a">California</subfield><subfield code="z">Nevada County.</subfield><subfield code="2">fast</subfield><subfield code="0">(OCoLC)fst01206058</subfield></datafield><datafield ind1=" " ind2=" " tag="752"><subfield code="a">United States</subfield><subfield code="b">California</subfield><subfield code="c">Nevada</subfield><subfield code="d">Nevada City.</subfield></datafield><datafield ind1="0" ind2="0" tag="780"><subfield code="t">Nevada City nugget (Nevada City, Calif. : 1931)</subfield><subfield code="w">(DLC)sn 92069539</subfield></datafield><datafield ind1="0" ind2="0" tag="785"><subfield code="t">Nevada City nugget (Nevada City, Calif. : 1950)</subfield><subfield code="w">(DLC)sn 92069551</subfield></datafield></record>